<?xml version="1.0" encoding="utf-8"?>
<record xmlns="http://www.loc.gov/MARC21/slim" xmlns:xsi="http://www.w3.org/2001/XMLSchema-instance" xsi:schemaLocation="http://www.loc.gov/MARC21/slim http://www.loc.gov/standards/marcxml/schema/MARC21slim.xsd">
	<leader>
		01693nam a2200301   4500
	</leader>
	<controlfield tag="001">
		001679104
	</controlfield>
	<controlfield tag="003">
		NNU
	</controlfield>
	<controlfield tag="006">
		m        d        
	</controlfield>
	<controlfield tag="007">
		cr cn |||m|||a
	</controlfield>
	<controlfield tag="008">
		160105s1939    ua b    o     000 0 ara d
	</controlfield>
	<datafield ind1=" " ind2=" " tag="040">
		<subfield code="a">
			NNU
		</subfield>
		<subfield code="b">
			eng
		</subfield>
		<subfield code="c">
			NNU
		</subfield>
	</datafield>
	<datafield ind1="1" ind2=" " tag="100">
		<subfield code="a">
			Ziyādah, Muḥammad Muṣṭafá.
		</subfield>
	</datafield>
	<datafield ind1="1" ind2="0" tag="245">
		<subfield code="a">
			Riḥlat Ibn Jubayr wa-Riḥlat Ibn Baṭṭūṭah
		</subfield>
		<subfield code="h">
			[electronic resource] :
		</subfield>
		<subfield code="b">
			muḥāḍaratān ulqiyatā bi-Dār Maktab al-Tabādul al-Thaqāfī lil-Maghrib bi-Miṣr fī yawmay 12 wa 19 Māyū sanat 1939 /
		</subfield>
		<subfield code="c">
			li-Muḥammad Muṣṭafá Ziyādah.
		</subfield>
	</datafield>
	<datafield ind1=" " ind2=" " tag="260">
		<subfield code="a">
			al-Qāhirah :
		</subfield>
		<subfield code="b">
			Maṭbaʻat Lajnat al-Taʼlīf wa-al-Tarjamah wa-al-Nashr,
		</subfield>
		<subfield code="c">
			1939.
		</subfield>
	</datafield>
	<datafield ind1=" " ind2=" " tag="300">
		<subfield code="a">
			online resource (22, 22 p.) :
		</subfield>
		<subfield code="b">
			maps
		</subfield>
	</datafield>
	<datafield ind1=" " ind2=" " tag="500">
		<subfield code="a">
			Cover title.
		</subfield>
	</datafield>
	<datafield ind1=" " ind2=" " tag="500">
		<subfield code="a">
			At head of t.p.: al-Maʻhad al-Khalīfī lil-Abḥāth al-Maghribīyah. Bayt al-Maghrib.
		</subfield>
	</datafield>
	<datafield ind1=" " ind2=" " tag="500">
		<subfield code="a">
			Part of the Arabic Collections Online (ACO) project, contributed by New York Univeristy Libraries.
		</subfield>
	</datafield>
	<datafield ind1="0" ind2=" " tag="505">
		<subfield code="a">
			pt. 1. Riḥlat Ibn Jubayr -- pt. 2. Riḥlat Ibn Baṭṭūṭah.
		</subfield>
	</datafield>
	<datafield ind1=" " ind2=" " tag="533">
		<subfield code="a">
			Electronic reproduction.
		</subfield>
		<subfield code="b">
			New York, N.Y. :
		</subfield>
		<subfield code="c">
			New York University,
		</subfield>
		<subfield code="d">
			2016.
		</subfield>
		<subfield code="5">
			NNU
		</subfield>
	</datafield>
	<datafield ind1="0" ind2="0" tag="600">
		<subfield code="a">
			Ibn Batuta,
		</subfield>
		<subfield code="d">
			1304-1377.
		</subfield>
		<subfield code="t">
			Tuḥfat al-nuẓẓār fī gharāʼib al-amṣār wa-ʻajāʼib al-asfār.
		</subfield>
	</datafield>
	<datafield ind1="1" ind2="0" tag="600">
		<subfield code="a">
			Ibn Jubayr, Muḥammad ibn Aḥmad,
		</subfield>
		<subfield code="d">
			1145-1217.
		</subfield>
		<subfield code="t">
			Riḥlat Ibn Jubayr.
		</subfield>
	</datafield>
	<datafield ind1="2" ind2=" " tag="710">
		<subfield code="a">
			New York University.
		</subfield>
		<subfield code="b">
			Libraries.
		</subfield>
	</datafield>
	<datafield ind1="0" ind2=" " tag="730">
		<subfield code="a">
			Arabic Collections Online.
		</subfield>
	</datafield>
	<datafield ind1="0" ind2="8" tag="776">
		<subfield code="i">
			Print version:
		</subfield>
		<subfield code="a">
			Ziyādah, Muḥammad Muṣṭafá.
		</subfield>
		<subfield code="t">
			Riḥlat Ibn Jubayr wa-Riḥlat Ibn Baṭṭūṭah
		</subfield>
		<subfield code="w">
			(NNU)001679104
		</subfield>
	</datafield>
	<datafield ind1="4" ind2="0" tag="856">
		<subfield code="u">
			http://hdl.handle.net/2333.1/5qfttj1z
		</subfield>
	</datafield>
	<datafield ind1=" " ind2=" " tag="959">
		<subfield code="a">
			NNU
		</subfield>
		<subfield code="b">
			WEB
		</subfield>
		<subfield code="c">
			GENI
		</subfield>
		<subfield code="t">
			0
		</subfield>
		<subfield code="m">
			Electronic access
		</subfield>
		<subfield code="s">
			01
		</subfield>
	</datafield>
	<datafield ind1=" " ind2=" " tag="999">
		<subfield code="i">
			NNU_001679104
		</subfield>
		<subfield code="s">
			nyu_aco001516
		</subfield>
		<subfield code="e">
			(ERROR-880)
		</subfield>
	</datafield>
</record>
